<?xml version="1.0" encoding="UTF-8"?>
<record xmlns="http://www.loc.gov/MARC21/slim">
   <leader>01698cam a2200373 a 4500</leader>
   <controlfield tag="001">2250798</controlfield>
   <controlfield tag="003">NjP</controlfield>
   <controlfield tag="005">20170712172256.0</controlfield>
   <controlfield tag="008">990512s1989    ir       b    000 0 ara d</controlfield>
   <datafield tag="024" ind1="7" ind2=" ">
      <subfield code="a">princeton_aco003358</subfield>
      <subfield code="2">local</subfield>
   </datafield>
   <datafield ind1=" " ind2=" " tag="035">
      <subfield code="a">(OCoLC)ocn177850683</subfield>
   </datafield>
   <datafield ind1=" " ind2=" " tag="040">
      <subfield code="a">NjP</subfield>
      <subfield code="c">PUL</subfield>
      <subfield code="d">PUL</subfield>
   </datafield>
   <datafield ind1=" " ind2=" " tag="035">
      <subfield code="a">(OCoLC)177850683</subfield>
   </datafield>
   <datafield ind1=" " ind2=" " tag="035">
      <subfield code="9">CKF8176TS</subfield>
   </datafield>
   <datafield ind1=" " ind2=" " tag="035">
      <subfield code="a">(NjP)2250798</subfield>
   </datafield>
   <datafield ind1=" " ind2=" " tag="079">
      <subfield code="a">ocm49367963</subfield>
   </datafield>
   <datafield ind1=" " ind2=" " tag="049">
      <subfield code="a">PULL</subfield>
   </datafield>
   <datafield ind1="1" ind2=" " tag="100">
      <subfield code="6">880-01</subfield>
      <subfield code="a">Āl Ḥirz, Aḥmad ibn ʻAbd al-Riḍā.</subfield>
   </datafield>
   <datafield ind1="1" ind2="0" tag="245">
      <subfield code="6">880-02</subfield>
      <subfield code="a">Ḥibāʼ al-aḥibbāʼ fī al-taswīyah bayna taqlīd al-amwāt wa-al-aḥyāʼ /</subfield>
      <subfield code="c">taṣnīf Aḥmad ibn ʻAbd al-Riḍā Āl Ḥirz.</subfield>
   </datafield>
   <datafield ind1="3" ind2=" " tag="246">
      <subfield code="6">880-03</subfield>
      <subfield code="a">Ḥabāʼ al-aḥibbāʼ fī al-taswīyah bayna taqlīd al-amwāt wa-al-aḥyāʼ</subfield>
   </datafield>
   <datafield ind1=" " ind2=" " tag="250">
      <subfield code="6">880-04</subfield>
      <subfield code="a">al-Ṭabʻah 1.</subfield>
   </datafield>
   <datafield ind1=" " ind2=" " tag="260">
      <subfield code="6">880-05</subfield>
      <subfield code="a">Qum :</subfield>
      <subfield code="b">al-Maṭbaʻah al-ʻIlmīyah,</subfield>
      <subfield code="c">1410 [1989 or 1990]</subfield>
   </datafield>
   <datafield ind1=" " ind2=" " tag="300">
      <subfield code="a">52 p. ;</subfield>
      <subfield code="c">24 cm.</subfield>
   </datafield>
   <datafield ind1=" " ind2="0" tag="440">
      <subfield code="6">880-06</subfield>
      <subfield code="a">Iḥyāʼ al-aḥyāʼ ;</subfield>
      <subfield code="v">8</subfield>
   </datafield>
   <datafield ind1=" " ind2=" " tag="504">
      <subfield code="a">Includes bibliographical references.</subfield>
   </datafield>
   <datafield ind1=" " ind2="0" tag="650">
      <subfield code="a">Dead</subfield>
      <subfield code="x">Religious aspects</subfield>
      <subfield code="x">Islam.</subfield>
   </datafield>
   <datafield ind1=" " ind2="0" tag="650">
      <subfield code="a">Islamic law.</subfield>
      <subfield code="0">http://id.loc.gov/authorities/subjects/sh85068454</subfield>
   </datafield>
   <datafield ind1="1" ind2=" " tag="880">
      <subfield code="6">100-01/r</subfield>
      <subfield code="a">آل حرز، احمد بن عبد الرضا.</subfield>
   </datafield>
   <datafield ind1="1" ind2="0" tag="880">
      <subfield code="6">245-02/r</subfield>
      <subfield code="a">حباء الاحباء في التسوية بين تقليد الاموات والاحياء /</subfield>
      <subfield code="c">تصنيف احمد بن عبد الرضا آل حرز.</subfield>
   </datafield>
   <datafield ind1="3" ind2=" " tag="880">
      <subfield code="6">246-03/r</subfield>
      <subfield code="a">حباء الاحباء في التسوية بين تقليد الاموات والاحياء</subfield>
   </datafield>
   <datafield ind1=" " ind2=" " tag="880">
      <subfield code="6">250-04/r</subfield>
      <subfield code="a">الطبعة 1.</subfield>
   </datafield>
   <datafield ind1=" " ind2=" " tag="880">
      <subfield code="6">260-05/r</subfield>
      <subfield code="a">قم :</subfield>
      <subfield code="b">المطبعة العلمية،</subfield>
      <subfield code="c">1410 [1989 or 1990]</subfield>
   </datafield>
   <datafield ind1=" " ind2="0" tag="880">
      <subfield code="6">440-06/r</subfield>
      <subfield code="a">احياء الاحياء ؛</subfield>
      <subfield code="v">8</subfield>
   </datafield>
   <datafield ind1=" " ind2=" " tag="948">
      <subfield code="a">MV</subfield>
   </datafield>
   <datafield ind1=" " ind2=" " tag="994">
      <subfield code="a">C0</subfield>
      <subfield code="b">PUL</subfield>
   </datafield>
   <datafield ind1=" " ind2=" " tag="999">
      <subfield code="a">2250798</subfield>
   </datafield>
   <datafield ind1="8" ind2=" " tag="852">
      <subfield code="0">2538403</subfield>
      <subfield code="b">rcppa</subfield>
      <subfield code="t">1</subfield>
      <subfield code="h">KBL</subfield>
      <subfield code="i">.A4345 1989</subfield>
      <subfield code="x">tr fr arab</subfield>
   </datafield>
   <datafield ind1=" " ind2=" " tag="959">
      <subfield code="a">2000-06-13 00:00:00 -0400</subfield>
   </datafield>
</record>
